<record><leader>00000cas a2200000 a 4500</leader><controlfield tag="001">31145271</controlfield><controlfield tag="008">940920d19692005ilucr ne      0    0eng c</controlfield><datafield ind1=" " ind2=" " tag="010"><subfield code="a">sn 94060607 </subfield></datafield><datafield ind1=" " ind2=" " tag="040"><subfield code="a">NVF</subfield><subfield code="b">eng</subfield><subfield code="c">NVF</subfield><subfield code="d">CVF</subfield><subfield code="d">NVF</subfield><subfield code="d">OCLCQ</subfield><subfield code="d">OCLCF</subfield><subfield code="d">OCLCO</subfield></datafield><datafield ind1="1" ind2=" " tag="029"><subfield code="a">AU@</subfield><subfield code="b">000011276970</subfield></datafield><datafield ind1=" " ind2=" " tag="042"><subfield code="a">pcc</subfield></datafield><datafield ind1=" " ind2=" " tag="043"><subfield code="a">n-us-il</subfield></datafield><datafield ind1="0" ind2="0" tag="245"><subfield code="a">Woodridge progress.</subfield></datafield><datafield ind1="1" ind2=" " tag="246"><subfield code="i">Issues for Jan. 4, 2001-Jan. 3, 2002 called:</subfield><subfield code="a">Woodridge reporter-progress</subfield></datafield><datafield ind1=" " ind2=" " tag="260"><subfield code="a">Downers Grove, Ill. :</subfield><subfield code="b">Chester J. Winter, Jr. [and] Pattricia K. Winter,</subfield><subfield code="c">1969-2005.</subfield></datafield><datafield ind1=" " ind2=" " tag="300"><subfield code="a">v.</subfield></datafield><datafield ind1=" " ind2=" " tag="310"><subfield code="a">Semiweekly,</subfield><subfield code="b">&lt;July 3, 2002-2005</subfield></datafield><datafield ind1=" " ind2=" " tag="321"><subfield code="a">Weekly,</subfield><subfield code="b">May 22, 1969-&lt;June 29, 2000&gt;</subfield></datafield><datafield ind1="0" ind2=" " tag="362"><subfield code="a">Vol. 1, no. 1 (May 22, 1969)-v. 82, no. 88 (Mar. 23, 2005).</subfield></datafield><datafield ind1=" " ind2="0" tag="651"><subfield code="a">Woodridge (Ill.)</subfield><subfield code="v">Newspapers.</subfield></datafield><datafield ind1=" " ind2="7" tag="655"><subfield code="a">Newspapers.</subfield><subfield code="2">fast</subfield><subfield code="0">(OCoLC)fst01423814</subfield></datafield><datafield ind1=" " ind2="7" tag="651"><subfield code="a">Illinois</subfield><subfield code="z">Woodridge.</subfield><subfield code="2">fast</subfield><subfield code="0">(OCoLC)fst01226862</subfield></datafield><datafield ind1=" " ind2=" " tag="752"><subfield code="a">United States</subfield><subfield code="b">Illinois</subfield><subfield code="c">DuPage</subfield><subfield code="d">Downers Grove.</subfield></datafield><datafield ind1="0" ind2="4" tag="785"><subfield code="t">Reporter (Oak Brook, Ill. : Bolingbrook/Romeoville ed.)</subfield><subfield code="w">(DLC)  2009271153</subfield><subfield code="w">(OCoLC)368391573</subfield></datafield></record>